<record><leader>00000cas a2200000 a 4500</leader><controlfield tag="001">9542223</controlfield><controlfield tag="007">hd afa008baca</controlfield><controlfield tag="007">hd bfa008baaa</controlfield><controlfield tag="008">830524d18311833mdusr nea     0    0eng c</controlfield><datafield ind1=" " ind2=" " tag="010"><subfield code="a">   00221272 </subfield></datafield><datafield ind1=" " ind2=" " tag="040"><subfield code="a">BHA</subfield><subfield code="b">eng</subfield><subfield code="c">BHA</subfield><subfield code="d">ATL</subfield><subfield code="d">OCLCQ</subfield><subfield code="d">OCLCF</subfield><subfield code="d">OCLCO</subfield></datafield><datafield ind1="1" ind2=" " tag="029"><subfield code="a">AU@</subfield><subfield code="b">000021431560</subfield></datafield><datafield ind1=" " ind2=" " tag="042"><subfield code="a">pcc</subfield></datafield><datafield ind1="1" ind2="4" tag="050"><subfield code="a">BX8001</subfield></datafield><datafield ind1="0" ind2=" " tag="130"><subfield code="a">Lutheran observer (Baltimore, Md. : 1831)</subfield></datafield><datafield ind1="1" ind2="4" tag="245"><subfield code="a">The Lutheran observer</subfield><subfield code="h">[microform].</subfield></datafield><datafield ind1=" " ind2=" " tag="260"><subfield code="a">Baltimore :</subfield><subfield code="b">John G. Morris,</subfield><subfield code="c">1831-1833.</subfield></datafield><datafield ind1=" " ind2=" " tag="300"><subfield code="a">2 v. ;</subfield><subfield code="c">22-29 cm.</subfield></datafield><datafield ind1=" " ind2=" " tag="310"><subfield code="a">Semimonthly</subfield></datafield><datafield ind1="0" ind2=" " tag="362"><subfield code="a">Vol. 1, no. 1 (Aug. 1, 1831)-v. 2, no. 24 (July 15, 1833).</subfield></datafield><datafield ind1=" " ind2=" " tag="500"><subfield code="a">Title from caption.</subfield></datafield><datafield ind1=" " ind2=" " tag="533"><subfield code="a">Microfilm.</subfield><subfield code="m">v.1-2 (1831-1833)</subfield><subfield code="b">Evanston, Ill. :</subfield><subfield code="c">American Theological Library Association,</subfield><subfield code="d">1965.</subfield><subfield code="e">1 microfilm reel ; 35 mm.</subfield><subfield code="f">(ATLA serials preservation program ; ATLA film S0088A).</subfield></datafield><datafield ind1=" " ind2="0" tag="650"><subfield code="a">Lutheran Church</subfield><subfield code="v">Newspapers.</subfield></datafield><datafield ind1=" " ind2="7" tag="655"><subfield code="a">Newspapers.</subfield><subfield code="2">fast</subfield><subfield code="0">(OCoLC)fst01423814</subfield></datafield><datafield ind1=" " ind2="7" tag="650"><subfield code="a">Lutheran Church.</subfield><subfield code="2">fast</subfield><subfield code="0">(OCoLC)fst01003996</subfield></datafield><datafield ind1="1" ind2=" " tag="776"><subfield code="c">Original</subfield><subfield code="w">(DLC)sn 93060361</subfield><subfield code="w">(OCoLC)7639441</subfield></datafield><datafield ind1="0" ind2="0" tag="785"><subfield code="t">Lutheran observer and weekly religious visiter</subfield><subfield code="w">(DLC)   00221273</subfield><subfield code="w">(OCoLC)9541817</subfield></datafield><datafield ind1=" " ind2="0" tag="830"><subfield code="a">ATLA serials preservation program ;</subfield><subfield code="v">ATLA film S0088A.</subfield></datafield></record>